
%%%%%%%%%%%%%%%%Arquitetura de SW%%%%%%%%%%%%%%%%%%%%%%%
@Book{Silveira:2011,
author = {Sergio Lopes ; Paulo Silveira ; Guilherme Silveira},
title = {Introdução à Arquitetura e Design de Software - Uma Visão Sobre a Plataforma Java},
publisher = {ELSEVIER - CAMPUS},
address = {São Paulo},
year = {2011},
}


@book{introdução,
  title={Introdu{\c{c}}{\~a}o {\'a} Arquitetura de Design de Software},
  isbn={9788535250305},
  url={https://books.google.com.br/books?id=qQU17gFaofgC},
  publisher={Elsevier Brasil}
}

@book{rodriguescurso,
  title={Curso de Engenharia de Software},
  author={Rodrigues, E.J.L.},
  isbn={9788578730109},
  url={https://books.google.com.br/books?id=ZJznA9UrtVAC},
  publisher={Universo dos Livros Editora}
}


@book{SOMMERVILLE,
  title= {ENGENHARIA DE SOFTWARE},
  author= {SOMMERVILLE, IAN},
  isbn= {9788579361081},
  publisher= {PEARSON BRASIL},
}

@book{Fowler,
 author = {Fowler, Martin},
 title = {UML Distilled: A Brief Guide to the Standard Object Modeling Language},
 year = {2003},
 isbn = {0321193687},
 edition = {3},
 publisher = {Addison-Wesley Longman Publishing Co., Inc.},
 address = {Boston, MA, USA},
} 
@book{carvalho:jucs07,
 author = {Carvalho, N. and Correia Jr., A. and Pereira, J. and Rodrigues, L. and Oliveira, R. and Guedes, S.},
 journal = {Journal of Universal Computer Science},
 title = {On the Use of a Reflective Architecture to Augment Database Management Systems},
 volume = {13},
 number = {8},
 year = {2007},
 pages = {1110-1135},
}

@book{sommerville:2008,
  title={Engenharia de software},
  author={Sommerville, I. and Melnikoff, S.S.S. and Arakaki, R. and de Andrade Barbosa, E.},
  isbn={9788588639287},
  url={https://books.google.com.br/books?id=ifIYOgAACAAJ},
  year={2008},
  publisher={ADDISON WESLEY BRA}
}

@book{Osterwalder,
  title= {Business Model Generation: A Handbook for Visionaries, Game Changers, and Challengers},
  author= {Osterwalder, A. and Pigneur, Y.},
  isbn= {9780470901038},
  series= {Wiley Desktop Editions},
  year= {2010},
  publisher= {Wiley},
}

@book{Silva:2007:CiSE,
author = {C. T. Silva and J. Freire and S. P. Callahan},
title = {Provenance for Visualizations: Reproducibility and Beyond},
journal = {Computing in Science \& Engineering},
}
@book{ d'souza:interface,
AUTHOR = {Desmond D'Souza},
TITLE = {Interface Specification, Refinement, and Design with UML/Catalysis},
JOURNAL = {JOOP},
PAGES = {12-18},
YEAR = {1998},
}
  
 @book{Desmond,
AUTHOR = {Desmond D'Souza},
TITLE = {JavaBeans: Coding and Design},
JOURNAL = {JOOP},
PAGES = {14-16},
YEAR = {1998},
}

@book{Thayer,
  title= {System and software requirements engineering},
  author= {Thayer, R.H. and Dorfman, M.},
  isbn= {9780818659218},
  lccn= {89004034},
  series= {IEEE Computer Society Press tutorial},
  year= {1990},
  publisher= {IEEE Computer Society Press},
}
@book{Padua:Paula:Filho,
  title={Engenharia de software: fundamentos, m{\'e}todos e padr{\~o}es},
  author={Padua Paula Filho},
  isbn={9788521612605},
  year={2001},
  publisher={Livros T{\'e}cnicos e Cient{\'\i}ficos},
}

@book{bezerra2007princípios,
  title={Princ{\'\i}pios de an{\'a}lise e projeto de sistemas com UML},
  author={Bezerra, E.},
  isbn={9788535216967},
  year={2007},
  publisher={CAMPUS - RJ},
}
@book{tachizawa1999gestão,
  title={Gest{\~a}o de institui{\c{c}}{\~o}es de ensino},
  author={Tachizawa, T. and de Andrade, R.O.B.},
  isbn={9788522502806},
  lccn={99886768},
  series={Cole{\c{c}}{\~a}o FGV pr{\'a}tica},
  year={1999},
  publisher={Funda{\c{c}}{\~a}o Getulio Vargas Editora},
}
@book{kerznergestão,
  title={Gest{\~a}o de Projetos},
  author={Kerzner, H.},
  isbn={9788536306186},
  publisher={BOOKMAN COMPANHIA ED},
}

@book{rezende2005engenharia,
  title={Engenharia de Software e Sistemas de Informa{\c{c}}{\~a}o},
  author={Rezende, D.A.},
  isbn={9788574522159},
  year={2005},
  publisher={Brasport}
}
@book{projectguide,
  title={A Guide to the Project Management Body of Knowledge (PMBOK Guide), Fifth Edition},
  author={Project Management Institute},
  series={BusinessPro collection},
  year={2013},
  publisher={Project Management Institute}
}

@BOOK{SZY98, 
  AUTHOR = {Clemens Szyperski}, 
  TITLE = {Component Software}, 
  YEAR = {1998}, 
  PUBLISHER = {Addison-Wesley}, 
  SERIES = {ISBN: 0-201-17888-5}, 
  ISBN = {0-201-17888-5},
}
@book{pressman2006engenharia,
  title={Engenharia de software},
  author={Pressman, R.S.},
  isbn={9788586804571},
  year={2006},
  publisher={McGraw-Hill}
}
@book{brookshear2003computer,
  title={Computer Science: An Overview},
  author={Brookshear, J.G.},
  isbn={9780201781304},
  lccn={2002074475},
  series={International computer science series},
  year={2003},
  publisher={Addison Wesley},
}
@book{Kruchten,
 author = {Kruchten, Philippe},
 title = {The Rational Unified Process: An Introduction},
 year = {2003},
 isbn = {0321197704},
 edition = {3},
 publisher = {Addison-Wesley Longman Publishing Co., Inc.},
 address = {Boston, MA, USA},
} 

@book{date1985introdução,
  title={Introdu{\c{c}}{\~a}o a sistemas de bancos de dados},
  author={Date, C.J.},
  isbn={9788535212730},
  year={1985},
  publisher={Campus}
}
@book{gamma2006padrões,
  title={Padr{\~o}es de Projetos: Solu{\c{c}}{\~o}es Reutiliz{\'a}veis},
  author={Gamma, E. and Johnson, R. and Helm, R. and Vlissides, J.},
  isbn={9788573076103},
  year={2006},
  publisher={BOOKMAN COMPANHIA ED}
}

@book{someratreinamento,
  title={Treinamento Profissional em Java},
  author={Somera, G.},
  isbn={9788577020768},
  publisher={DIGERATI (LIVROS)}
}

@book{fowler:2014,
  title={UML Essencial: Um Breve Guia para Linguagem Padrao},
  author={Fowler, M.},
  isbn={9788560031382},
  url={https://books.google.com.br/books?id=xxoXcuh0oS0C},
  year={2014},
  publisher={Bookman}
}
@book{geary2010core,
  title={Core JavaServer Faces},
  author={Geary, D. and Horstmann, C.S.},
  isbn={9780137013944},
  series={Sun Core Series},
  url={https://books.google.com.br/books?id=jSXdLi0MWlwC},
  year={2010},
  publisher={Pearson Education}
}
@book{gamma2006padrÃµes,
  title={Padr{\~o}es de Projetos: Solu{\c{c}}{\~o}es Reutiliz{\'a}veis},
  author={Gamma, E. and Johnson, R. and Helm, R. and Vlissides, J.},
  isbn={9788573076103},
  url={https://books.google.com.br/books?id=V0Ey1KF3zwcC},
  year={2006},
  publisher={BOOKMAN COMPANHIA ED}
}
@book{ramostreinamento,
  title={Treinamento Pr{\'a}tico em UML},
  author={RAMOS, R.A.},
  isbn={9788577020515},
  url={https://books.google.com.br/books?id=zm6HCCfvMMcC},
  publisher={Universo dos Livros Editora LTDA}
}
@book{fowler2014uml,
  title={UML Essencial: Um Breve Guia para Linguagem Padrao},
  author={Fowler, M.},
  isbn={9788560031382},
  url={https://books.google.com.br/books?id=xxoXcuh0oS0C},
  year={2014},
  publisher={Bookman}
}

@book{larman2002utilizando,
  title={Utilizando UML e Padr{\~o}es},
  author={Larman, C.},
  isbn={9788577800476},
  url={https://books.google.com.br/books?id=hzl2tmT8QkUC},
  year={2002},
  publisher={Bookman}
}
@book{fedeli2002orientaÃ§Ã£o,
  title={Orienta{\c{c}}{\~a}o a Objeto com Prototipa{\c{c}}{\~a}o},
  author={FEDELI, A.},
  isbn={9788522102648},
  url={https://books.google.com.br/books?id=oJ8I6wMWtw4C},
  year={2002},
  publisher={Pioneira/Thomson Learning}
}

